<?xml version="1.0" encoding="UTF-8"?><collection xmlns="http://www.loc.gov/MARC21/slim"><record><leader>00609nam--2200193-u-4500</leader><controlfield tag="001">000056842</controlfield><controlfield tag="002">20191114</controlfield><controlfield tag="005">20191114065811</controlfield><controlfield tag="008">191114s1000------------r-----000-0-rum-d</controlfield><datafield ind1=" " ind2=" " tag="040"><subfield code="a">IFIN-HH</subfield></datafield><datafield ind1=" " ind2=" " tag="041"><subfield code="a">rum</subfield></datafield><datafield ind1="1" ind2=" " tag="100"><subfield code="a">Jalba, Liviu</subfield></datafield><datafield ind1="1" ind2="0" tag="245"><subfield code="a">Fizica pentru nepoti. Vol. 3 Saltul spre fizica moderna. Elemente de fizica atomica si fizica nucleara</subfield><subfield code="c">Liviu Jalba, Dumitru Stanomir, Octavian Stanasila</subfield></datafield><datafield ind1=" " ind2=" " tag="260"><subfield code="a">Bucuresti</subfield><subfield code="b">Fundatia Floarea darurilor</subfield><subfield code="c">2015</subfield></datafield><datafield ind1=" " ind2=" " tag="300"><subfield code="a">239 p</subfield></datafield><datafield ind1=" " ind2=" " tag="500"><subfield code="a">Donatie Liviu Jalba</subfield></datafield><datafield ind1="1" ind2=" " tag="700"><subfield code="a">Stanasila,Octavian</subfield></datafield><datafield ind1=" " ind2=" " tag="852"><subfield code="a">82756</subfield><subfield code="c">53</subfield></datafield><datafield ind1=" " ind2=" " tag="CAT"><subfield code="a">SYS</subfield><subfield code="c">20191114</subfield><subfield code="h">065811</subfield></datafield></record></collection>